@BOOK{AH,
  title     = "Algebraic Topology",
  author    = "Hatcher, Allen",
  publisher = "Cambridge University Press",
  month     =  dec,
  year      =  2001,
  address   = "Cambridge, England",
  language  = "en"
}